2467 4192
213 339 262 420 97
335 315 535 390 HERC.
572 314 860 390 FURENS.
912 341 999 417 3¹3·
1091 338 1097 350 ·
1230 261 1231 268 ἵ

212 466 314 530 Facile
324 467 583 549 compescuiffem.
601 465 695 532 Nnnr
708 487 784 530 veto
796 465 877 531 nibil
888 463 1005 532 sumna:
1021 483 1116 534 tunm
1232 521 1233 580 3

153 702 158 713 ,
213 606 321 692 Igitur
336 607 375 687 est
387 608 516 689 posthae
533 605 745 682 considerare,
764 607 964 690 Amphitryo,
979 626 1046 691 qua

212 745 344 810 Ratione
361 747 491 830 repeiiaa
503 748 559 810 has
576 747 763 812 ralatnitatee.
793 748 833 810 A.
852 747 930 811 Non
946 751 1116 830 timiditas,

212 885 328 972 Neque
345 886 526 951 deiidetium
540 888 633 966 vitae,
652 888 790 970 prohibet
808 910 870 963 me,
889 893 964 974 quin
981 892 1114 972 moriar,

212 1025 275 1093 Sed
288 1028 363 1092 noio
377 1027 431 1092 iiiii
448 1028 562 1112 liberos
574 1025 709 1103 servare,
720 1045 877 1093 caeterum
886 1030 1078 1114 impoffibiiia

213 1168 334 1232 Videor
351 1169 502 1235 affictare,
529 1165 575 1230 En
593 1168 676 1230 adest
688 1167 764 1231 haec
780 1171 884 1232 cervix
897 1169 973 1246 enfi,
992 1185 1031 1234 nt

211 1306 385 1392 Pnng..tur,
395 1325 431 1371 ut
444 1306 639 1376 caedatut‚nt
651 1309 689 1370 de
701 1307 772 1370 saxo
784 1309 991 1372 deturbetur:
1010 1331 1113 1376 nnana

212 1447 301 1510 Vero
312 1448 399 1510 nobis
411 1464 444 1509 ut
460 1449 541 1510 hanc
555 1447 698 1530 gratiam,
712 1467 735 1510 o
750 1467 816 1522 tex,
830 1448 895 1525 des,
907 1469 1074 1532 precamur
1087 1473 1111 1533 ς

211 1585 382 1650 interficias
400 1607 458 1665 me,
475 1606 506 1649 et
517 1585 655 1657 miseram
672 1586 747 1648 hanc
762 1601 925 1668 antequam
938 1609 1062 1672 pueros,

212 1724 265 1789 Ne
277 1727 389 1789 iberos
399 1731 587 1803 intueamur,
602 1724 806 1808 spectaculum
817 1728 961 1809 impium,
974 1727 1116 1792 animant

214 1865 377 1943 Efflantes,
393 1885 423 1930 et
435 1883 580 1929 vocantes
597 1881 741 1938 matrem,
758 1882 788 1928 et
806 1883 925 1949 patrem
938 1869 1050 1950 patrita
1077 1880 1082 1884 “

59 2045 62 2054 -
184 2008 195 2024 '
212 2007 346 2090 Reliqua
362 2027 445 2085 vero,
459 2006 481 2068 fi
496 2005 584 2069 lubet
598 2005 665 2076 tibi,
686 1998 800 2069 fa‘cias:
829 2027 893 2069 non
910 2007 1061 2071 habemns

213 2145 306 2210 Enim
324 2148 484 2223 auxilium,
503 2146 620 2228 quoda
634 2162 734 2207 morte
748 2166 804 2208 nos
817 2147 936 2207 liberet.
965 2145 1015 2211 M.
1034 2147 1075 2210 Et

212 2285 282 2368 Ego
298 2302 328 2349 te
341 2275 469 2369 supplex
482 2270 574 2366 rogo,
591 2300 626 2348 ut
639 2284 731 2347 addas
749 2285 865 2368 gratiae
877 2285 920 2346 iiii
933 2287 1064 2370 gratiam
1078 2308 1088 2349 ι

213 2423 264 2486 Ut
281 2425 371 2485 nobis
380 2424 526 2488 ambobus
545 2445 623 2487 unus
640 2445 702 2486 rem
720 2437 805 2508 grata
822 2423 911 2484 fatias
930 2423 1117 2506 dupliciter·

212 2561 357 2624 Permitte
368 2564 455 2640 mihi,
470 2565 618 2626 utliberis
630 2565 738 2627 addam
747 2578 887 2626 ornatum
897 2580 1119 2644 mortuorunt,

165 2729 172 2740 x
213 2700 353 2763 Aedibus
367 2704 492 2784 apertisa
517 2724 598 2788 nuuc
610 2708 690 2768 enim
705 2703 818 2768 exciuit
836 2702 961 2767 sumus:

213 2838 261 2901 Ut
275 2839 377 2903 saitem
392 2843 465 2907 haec
477 2843 710 2928 consequantur
723 2867 764 2908 ex
776 2842 903 2910 aedibus
915 2845 1022 2924 patria.

212 2975 252 3040 L.
269 2977 368 3041 Erunt
382 2983 481 3045 haec:
508 2983 577 3045 dico
593 2985 687 3069 igitur
702 2985 855 3057 miuisitis,
870 2999 907 3046 ut
927 2983 1071 3066 aperiant

212 3113 374 3180 Claustra:
400 3123 553 3184 ornemini
571 3124 653 3186 intro
672 3120 822 3205 profecti:
852 3145 916 3185 non
931 3123 1063 3188 invideo

142 3279 151 3290 ·
213 3253 297 3325 Vobis
315 3257 421 3320 vestes.
448 3262 517 3324 Ubi
536 3283 611 3326 vero
625 3277 766 3325 ornatum
784 3265 974 3344 corporibus

211 3391 393 3471 Indomitis,
407 3401 525 3462 veniam
537 3404 576 3463 ad
591 3423 657 3480 vos,
671 3409 770 3466 tetrae
787 3401 961 3468 inferorum
970 3405 1116 3472 daturus.

211 3527 261 3607 M.
275 3530 307 3594 Ο
320 3533 419 3615 liberi,
437 3536 600 3623 sequimini
617 3547 724 3612 matris
742 3542 884 3610 miserum
900 3548 1010 3627 pedetn
1069 3545 1078 3552 ’
