2467 4192
339 303 371 377 1‘
433 305 470 376 Ο
513 285 590 380 N.
684 304 766 402 326.
957 307 998 378 18

88 447 119 514 1.
132 449 261 516 Ubiuio
272 453 312 534 est
323 453 401 516 mihi
414 416 532 530 domm,
546 451 601 519 ubi
613 474 664 518 me
680 451 800 524 somnus
815 456 983 540 occuparit.

88 590 136 656 C.
151 592 277 657 Puerne
290 595 423 658 existens
437 595 470 658 in
485 592 540 657 hae
552 593 703 676 templum
718 581 836 673 venisti,
853 616 893 660 en

91 731 317 797 Adolescens?
335 734 364 796 Ι.
378 732 533 812 Ipsantem
545 731 651 820 uemffl
664 734 789 812 dicunt,
802 736 857 816 qui
869 733 945 800 scire

88 848 267 940 Ponatur.
279 873 317 940 C.
327 873 766 962 Quaeueroteiaoteenutrivit
777 893 816 936 ex
824 873 995 956 Delphicis?

90 1015 127 1080 Ι.
141 1015 638 1100 Nunquamooguouimammam:
650 1013 741 1103 Qae
754 1033 830 1076 uero
846 1037 896 1076 me
907 1015 994 1080 aluit.
1011 1097 1014 1104 Ι

93 1142 142 1221 C'.
160 1155 346 1248 Quaenam,
362 1173 384 1217 o
402 1150 605 1243 aerumnose?
618 1153 667 1218 Ut
683 1151 826 1218 laborans
840 1154 947 1220 inveni
1038 1251 1041 1256 Ι

93 1289 270 1358 Morbum!
288 1293 317 1356 1.
336 1291 453 1357 Phoebi
469 1292 615 1370 sacerdos,
628 1295 734 1356 matris
748 1294 821 1358 loeo
834 1295 993 1362 habemus·

95 1431 142 1496 C.
157 1433 281 1496 Venisti
293 1453 365 1497 vero
375 1433 414 1497 ad
420 1433 535 1496 virilem
541 1447 671 1496 aetatem
679 1453 769 1516 quam
776 1435 995 1500 educationem

96 1550 261 1655 Adeptus?
278 1572 305 1640 1.
319 1574 464 1638 Araeme
476 1573 630 1645 aluerunt,
647 1587 677 1657 et
693 1543 971 1658 semper-accedens

8 1698 12 1702 ¹
96 1710 236 1793 Hospes.
252 1709 292 1773 C.
311 1693 431 1788 M1sera,
447 1724 479 1774 te
496 1732 577 1795 quae
592 1715 722 1798 peperit,
739 1735 945 1800 quaeeunque

98 1849 206 1914 Fuerit
218 1850 351 1912 tandem.
364 1851 390 1914 1.
404 1846 539 1913 Fortasse
552 1849 601 1914 fui
612 1854 756 1938 probrum
773 1853 858 1934 alicuj
863 1876 896 1918 us

99 1989 264 2054 Mulieris.
282 1990 320 2056 C.
335 1989 475 2055 Habesne
487 1988 594 2074 Opes?
611 1992 689 2058 bene
707 1995 785 2058 euim
803 2009 929 2058 ornatus
939 2013 970 2058 eu

99 2131 258 2195 Vestibus.
275 2132 304 2194 1.
321 2129 383 2194 Dei
400 2128 480 2193 donis
496 2149 654 2209 ornamur,
666 2135 717 2198 eui
734 2131 895 2228 servimus.

100 2271 142 2336 C.
154 2271 420 2336 Noucontendisii
428 2272 467 2334 ad
478 2270 721 2356 inquisitionem,
731 2275 991 2338 utinveuireetuor

99 2411 272 2476 Parentes?
287 2411 313 2475 Ι.
330 2409 457 2476 Nullum
471 2412 551 2476 enirn
564 2414 721 2490 iudicium,
734 2434 755 2478 o
767 2413 874 2478 mulier
885 2411 994 2478 habeo.

101 2553 143 2618 C.
162 2541 249 2616 Heu!
268 2553 424 2638 quaedum

103 2693 181 2758 Asia
196 2693 304 2756 mulier
320 2690 399 2775 paffa
415 2693 459 2756 est
471 2690 577 2756 eadem
592 2715 667 2756 cum
680 2707 733 2756 tua
746 2708 854 2756 matre.

102 2833 131 2898 1.
145 2831 331 2916 Quaenam?
344 2833 416 2898 Dic:
434 2832 456 2895 sr
470 2832 546 2896 mihi
562 2853 686 2915 operam
702 2829 908 2918 commodaris,

87 2967 317 3068 ,Laeturemun
331 2971 369 3035 C.
384 2971 453 3042 Mla,-
465 2971 550 3051 cujus
559 2971 648 3036 causa
659 2974 727 3034 veui
739 2972 813 3048 huc,
825 2969 995 3053 priusquam

106 3112 253 3176 Accedat
266 3114 400 3176 maritus.
414 3113 441 3176 1.
459 3071 635 3201 Quamnam
647 3133 707 3174 rem
721 3109 857 3192 cupiens,
876 3125 911 3172 ut
927 3108 994 3198 ribi,

104 3253 234 3330 Mulier,
251 3250 426 3346 inserviam?
446 3249 484 3314 C.
504 3249 677 3315 Oraculum
693 3250 846 3314 occultum
857 3268 899 3312 ex

127 3453 130 3456 ,
255 3393 384 3456 Phoebo
400 3393 525 3474 cupiens
548 3387 738 3474 cognoscere.

111 3537 138 3602 1.
153 3533 228 3600 Dic.
255 3532 321 3596 Noa
336 3551 455 3600 caetera
467 3529 711 3627 procurabimus.
730 3527 770 3592 C.
793 3529 873 3592 Audi

170 3692 269 3748 rou.
297 3689 355 3738 rx.
555 3671 581 3735 Ε
