2467 4192
379 326 509 400 10
582 327 632 401 N.
730 331 786 402 18.

105 465 245 547 creusa,
265 488 304 538 et
316 477 453 562 exponit
463 489 503 542 ut
517 476 711 541 moriturum

101 608 140 672 ln
150 615 300 680 rotundo
316 617 399 682 orbe
410 603 502 682 cavae
519 617 621 694 cistae,

25 755 30 765 '
98 745 271 832 majorum
284 777 418 821 morem
431 755 562 836 servans,
581 773 613 822 et
623 758 794 842 terrigenae

98 883 328 960 Erichthonii,
354 896 403 959 llli
420 897 605 980 enimJovia
615 898 679 962 filia

97 1024 266 1096 Custodes
286 1055 367 1100 cum
384 1035 583 1117 adjunxiffet‚
597 1039 734 1124 corporis
751 1038 915 1140 tutamina,

97 1163 206 1232 Duosv
212 1172 395 1255 dracones,
411 1181 537 1262 Agrauli
551 1180 630 1242 natis

17 1382 19 1407 Ι
97 1303 202 1372 Dedit
218 1308 442 1382 lea-vandum.
468 1318 570 1384 Unde
583 1318 776 1384 Erechthidis
790 1319 851 1382 illic

97 1444 176 1514 Mos
191 1456 337 1538 quidam
355 1459 400 1521 est
416 1461 447 1521 in
464 1457 660 1543 serpentibus’
669 1459 783 1522 auratis
795 1458 878 1521 alere

102 1585 255 1659 Liberos.
285 1595 351 1662 Sed
369 1618 415 1676 ea,
430 1618 512 1682 quae
528 1599 660 1664 habebat
677 1600 766 1682 virgo
780 1609 981 1676 ornamenta,

16 1824 17 1831 ἵ
103 1727 190 1797 Filio
209 1739 400 1822 appendens
415 1737 557 1822 reliquit,
575 1751 727 1822 tanquam
745 1737 908 1802 morituro.

103 1865 153 1933 lbi
173 1895 231 1940 me
250 1878 403 1944 Phoebus
415 1875 726 1966 fraterhaecrogntt

108 2010 139 2072 0
150 2010 273 2099 frater,
285 2014 450 2102 profectus
465 2017 504 2080 ad
524 2015 702 2101 indigenam
719 2015 874 2100 populum

109 2150 312 2240 Inclytarum
324 2158 537 2238 Athenarum,
553 2153 631 2219 nolli
648 2153 746 2231 enim,
757 2151 842 2218 Deae
858 2153 981 2235 urbem,

113 2287 285 2379 decipiens
301 2295 452 2362 infantem
465 2293 572 2360 recens
588 2306 703 2358 natum
721 2313 795 2358 cava
807 2308 897 2378 petra

114 2427 200 2508 Cum
215 2435 285 2522 ipso
299 2433 543 2508 vase‘et'fasciis,
561 2455 637 2518 quaa
654 2433 755 2507 habet.
883 2519 888 2532 ⁴

116 2564 247 2640 Pomato
263 2575 335 2640 mibi
344 2573 430 2641 fratri
448 2588 500 2638 tuo
516 2573 555 2638 ad
567 2593 637 2638 mea
653 2575 787 2651 oracula,

117 2705 158 2773 Et
172 2717 285 2796 ponito
299 2717 331 2778 in
346 2711 412 2800 ipso
423 2715 559 2779 introitu
576 2735 717 2790 mearum
736 2715 872 2778 aedium.

119 2845 259 2939 Reliqua
275 2873 363 2932 vero,
376 2853 429 2916 hic
447 2852 529 2928 enim
542 2873 617 2936 puer
634 2875 723 2918 meus
740 2854 795 2931 est,
807 2867 844 2918 ut
856 2849 942 2928 sciat,

19 2996 22 3010 '
120 2985 205 3056 Mihi
222 3008 320 3058 erunt
329 3012 434 3056 curae.
461 2992 601 3076 Apollini
618 3014 697 3059 vero
714 2992 894 3056 beneficium
910 3013 972 3078 ego

20 3185 34 3214 ,
123 3123 284 3198 Paestana
296 3132 399 3209 fratri,
414 3147 598 3202 contextum
616 3131 768 3196 calathum
780 3131 893 3196 tollens
1005 3151 1007 3156 ·

123 3264 241 3351 Detuli,
252 3292 283 3338 et
295 3262 441 3338 infantem
453 3269 542 3370 super
553 3271 743 3354 crepidinem

124 3403 244 3494 Templi
256 3413 351 3493 liujus
362 3433 459 3497 pono,
472 3412 607 3496 aperiens
620 3411 780 3484 calathum

128 3543 314 3620 circularem
325 3553 459 3633 attulae}
476 3568 513 3620 nt
525 3553 686 3624 videretur
697 3547 810 3618 infans.

1000 353 1028 422 4
