2467 4192
369 303 388 374 1
457 303 494 375 0
557 301 607 376 N.
688 313 784 402 '1952
981 330 1024 384 aa

117 451 227 515 urreis
243 448 379 518 falcibus
394 449 485 534 Jovis
501 449 592 516 filius.
866 463 871 474 ’

117 587 337 676 Contemplare
352 553 464 668 oculis,
482 611 504 654 o
523 591 644 654 Amica.

347 748 803 796 aurrsuuoruur.

115 863 153 930 C.
167 869 294 936 Video.
311 871 340 936 1.
358 870 397 934 Et
414 891 514 955 prope
528 891 602 936 eum
618 864 706 936 alius¹

115 1004 216 1072 Tollit
233 1012 403 1075 ardentem
414 1007 526 1077 facem.
555 1019 560 1026 ’
691 1093 693 1098 Ι
728 1047 731 1052 -

116 1141 154 1210 C·
169 1147 331 1236 Qisnam
344 1149 358 1214 l
384 1151 439 1215 Au
451 1152 504 1236 qul
519 1171 586 1218 mea
597 1158 865 1220 commemoratur

13 1352 32 1380 .
114 1284 201 1350 Inter
214 1287 339 1374 pensa?

117 1423 145 1488 1.
161 1425 320 1516 Armiger
333 1429 448 1508 Iolaus,
462 1432 519 1514 qui
574 1466 577 1475 ,

118 1561 302 1651 Suscipiens
316 1591 497 1635 communes
512 1530 631 1644 ,labores
749 1649 752 1654 ,

121 1704 206 1770 Cum
224 1711 315 1793 Jovis
332 1710 399 1776 filio
415 1709 589 1777 exhaurit?

119 1845 185 1914 Sed
203 1869 239 1918 et
251 1853 340 1918 illum
350 1849 465 1937 specta,

126 1987 317 2058 Infidentem
327 2016 415 2080 equo
431 1994 517 2070 alato,
530 1999 582 2080 qui

129 2125 228 2211 Ignes
245 2105 411 2218 spirantem
424 2133 570 2198 interficit

136 2265 365 2360 Tricorporem
380 2275 515 2341 hostem.
600 2277 603 2282 ’

418 2433 477 2480 s'r
493 2433 516 2478 u
529 2435 580 2478 or
597 2433 658 2479 uu
695 2431 727 2484 2.

14 2570 24 2591 ¹
134 2548 174 2620 C.
190 2551 350 2639 Undique
361 2550 483 2619 moveox
490 2555 661 2639 palpebras.

131 2693 160 2753 1.
176 2693 351 2764 Confidera
363 2717 501 2780 pugnam
511 2697 544 2762 in
563 2693 654 2780 septis

133 2830 241 2898 Saxeis
255 2813 443 2918 Gigantunl.
551 2890 553 2897 ,

136 2973 174 3039 C.
186 2977 261 3042 Huc
274 2973 459 3060 spectemus,
468 2977 592 3040 amicae.

16 3155 38 3186 ,
136 3114 163 3183 1.
180 3116 278 3180 Vides
291 3118 387 3201 igitur
401 3135 483 3188 earn,
500 3135 581 3200 quae
596 3111 740 3180 adversus
755 3112 947 3179 Enceladum

121 3342 125 3361 ι
138 3255 292 3342 clypeum
303 3258 396 3320 vertit
408 3253 641 3339 Gorgoneum?

136 3396 174 3462 C·
190 3398 296 3462 Video
313 3394 468 3461 Palladem
484 3419 588 3490 meam
600 3396 715 3460 Deam.

137 3537 163 3605 l.
185 3537 279 3610 Anet
295 3534 414 3604 fulmen
424 3541 568 3627 utrinque
580 3535 724 3616 caudens,
737 3530 943 3621 impetuosum
1011 3593 1014 3598 .
